% A bibliography used by the example work report, using uw-ece-workreport.cls 
% Copyright (C) 2002,2003  Simon Law
% 
% This program is free software; you can redistribute it and/or modify
% it under the terms of the GNU General Public License as published by
% the Free Software Foundation; either version 2 of the License, or
% (at your option) any later version.
% 
% This program is distributed in the hope that it will be useful,
% but WITHOUT ANY WARRANTY; without even the implied warranty of
% MERCHANTABILITY or FITNESS FOR A PARTICULAR PURPOSE.  See the
% GNU General Public License for more details.
% 
% You should have received a copy of the GNU General Public License
% along with this program; if not, write to the Free Software
% Foundation, Inc., 59 Temple Place, Suite 330, Boston, MA  02111-1307  USA

%%%%%%%%%%%%%%%%%%%%%%%%%%%%%%%%%%%%%%%%%%%%%%%%%%%%%%%%%%%%%%%%%%%%%%%%
% This is an example bibliography, made using BiBTeX.
%
% You can place entries in any order, and BiBTeX will order them
% correctly, saving you time and trouble.  All you have to do is make
% sure your references here match up with the references in your main
% document.
%%%%%%%%%%%%%%%%%%%%%%%%%%%%%%%%%%%%%%%%%%%%%%%%%%%%%%%%%%%%%%%%%%%%%%%%

% Here is a reference to a book.
@book{ref:latex2e,
  author    = "Leslie Lamport and Duane {Bibby (Illustrator)}",
  title     = "\LaTeX: a document preparation system",
  edition   = "second",
  publisher = "Addison-Wesley",
  address   = "Reading, MA",
  year      = "1994",
}

% Now, we have a book; but it is only self-published online.
@book{ref:short,
  author    = "Tobias Oetiker and Hubert Partl and Irene Hyna and
               Elisabeth Schlegl",
  title     = "The not so short introduction to \LaTeXe: or \LaTeXe{}
               in 95 minutes",
  publisher = "",
  year      = "2001",
  note      = "\url{http://people.ee.ethz.ch/~oetiker/lshort/}
              (current Aug.\ 2002)",
}

% This is a good example for how to cite a website.  Notice how line
% breaks are just treated as a space.
@misc{ref:vim,
  title   = "welcome : vim online",
  note    = "\url{http://vim.sourceforge.net}
             (current Aug.\ 2002)",
}

% Here is an example of how to deal with titles, such as Jr. and PEng.
@misc{ref:eceguidelines,
  author  = "W. M. {Loucks PEng} and G. H. Freeman and J. A. {Barby PEng}",
  title   = "{E\&CE} Work Term Report Guidelines",
  note    = "\url{http://www.ece.uwaterloo.ca/~wtrc/WrkTrmRpt.html}
             (current Aug.\ 2002)",
}

% Look at how I preserve capitalisation in the work GNU.
@misc{ref:emacs,
  title   = "{GNU} {E}macs ---
             {GNU} Project ---
             {F}ree {S}oftware {F}oundation ({FSF})",
  note    = "\url{http://www.gnu.org/software/emacs/emacs.html}
             (current Aug.\ 2002)",
}

@misc{ref:coopman,
  author  = "{University of Waterloo,
             Co-operative Education \& Career Services}",
  title   = "Co-operative Education \& Career Services Student
             Reference Manual",
  note    = "\url{http://www.cecs.uwaterloo.ca/manual/}
             (current Aug.\ 2002)",
}

@misc{ref:vi,
  title   = "{VI} LOVERS HOME PAGE",
  note    = "\url{http://www.thomer.com/vi/vi.html}
             (current Aug.\ 2002)",
}

@misc{ref:tetex,
  title   = "The {teTeX} homepage",
  note    = "\url{http://www.tug.org/teTeX/}
             (current Aug.\ 2002)",
}

@misc{ref:miktex,
  title   = "{MikTeX} Project Page",
  note    = "\url{http://www.miktex.org}
             (current Aug.\ 2002)",
}

@misc{ref:gs,
  title   = "ghostscript.com",
  note    = "\url{http://www.ghostscript.com}
             (current Aug.\ 2002)",
}

@book{ref:simplified,
  author    = "Harvey J. Greenberg",
  title     = "A simplified introduction to \LaTeX",
  publisher = "",
  year      = "2001",
  note      = "\url{http://carbon.cuderwer.edu/~hgreenbe/aboutme/simplified-intro.html}
               (current Aug.\ 2002)",
}

@book{ref:companion,
  author    = "Michel Goosens and Frank Mittelback and Alexander Samarin",
  title     = "The \LaTeX companion",
  publisher = "Addison-Wesley",
  address   = "Reading, MA",
  year      = "1994",
}

@book{ref:taocp,
  author    = "Donald E. Knuth",
  title     = "The art of computer programming",
  publisher = "Addison-Wesley",
  address   = "Reading, MA",
  year      = "1997",
}

@misc{ref:donpicture,
  title   = "Knuth: Graphics",
  note    = "\url{http://www-cs-faculty.stanford.edu/~knuth/graphics.html}
             (current Jan.\ 2003)",
}
